@article{ghitany2008lindley,
  title={Lindley distribution and its application},
  author={Ghitany, Mohamed E and Atieh, Barbra and Nadarajah, Saralees},
  journal={Mathematics and Computers in Simulation},
  volume={78},
  number={4},
  pages={493--506},
  year={2008},
  publisher={Elsevier}
}

@article{ghitany2008zero,
	title={Zero-truncated Poisson--Lindley distribution and its application},
	author={Ghitany, ME and Al-Mutairi, Dhaifalla K and Nadarajah, S},
	journal={Mathematics and Computers in Simulation},
	volume={79},
	number={3},
	pages={279--287},
	year={2008},
	publisher={Elsevier}
}

@article{zamani2010negative,
	title={Negative binomial-Lindley distribution and its application},
	author={Zamani, Hossein and Ismail, Noriszura},
	journal={Journal of Mathematics and Statistics},
	volume={6},
	number={1},
	pages={4--9},
	year={2010},
	publisher={Science Publications}
}

@article{ghitany2011two,
	title={A two-parameter weighted Lindley distribution and its applications to survival data},
	author={Ghitany, ME and Alqallaf, F and Al-Mutairi, Dhaifalla K and Husain, HA},
	journal={Mathematics and Computers in Simulation},
	volume={81},
	number={6},
	pages={1190--1201},
	year={2011},
	publisher={Elsevier}
}

@article{ieren2018modeling,
	title={Modeling lifetime data with Weibull-Lindley distribution},
	author={Ieren, TG and Oyamakin, SO and Chukwu, AU},
	journal={Biometrics and Biostatistics International Journal},
	volume={7},
	number={6},
	pages={532--544},
	year={2018}
}

@article{pandey2009bayesian,
	title={Bayesian estimation of the shape parameter of a generalized Pareto distribution under asymmetric loss functions},
	author={Pandey, Himanshu and Rao, Arun Kumar},
	journal={Hacettepe Journal of Mathematics and Statistics},
	volume={38},
	number={1},
	pages={69--83},
	year={2009}
}

@article{akdougan2015point,
	title={POINT ESTIMATION OF PARAMETERS IN DISCRETE BURR DISTRIBUTION BASED ON TYPE},
	author={Akdo{\u{g}}an, Yunus and Ku{\c{s}}, Co{\c{s}}kun and K{\i}nac{\i}, {\.I}smail},
	journal={{\.I}statistik T{\"u}rk {\.I}statistik Derne{\u{g}}i Dergisi},
	volume={7},
	number={3},
	pages={80--86},
	year={2015}
}

@article{yahaya2017bayesian,
	title={Bayesian Estimation of Scale Parameter of the Log-Logistic Distribution under the Assumption of Chi-Square and Maxwell Priors},
	author={Yahaya, Abubakar and Dewu, Mustapha Muhammad},
	journal={ATBU Journal of Science, Technology and Education},
	volume={4},
	number={3},
	pages={39--46},
	year={2017}
}

@article{mudasir2016bayesian,
	title={Bayesian estimation of length biased Nakagami distribution},
	author={Mudasir, Sofi and Ahmad, SP and Ahmad, A},
	journal={International Journal of Modern Mathematical Sciences},
	volume={14},
	number={2},
	pages={147--159},
	year={2016}
}

@article{usta2019bayesian,
	title={Bayesian Estimation of the Reduced Kies Distribution Parameters},
	author={Usta, I and Akdede, M},
	journal={Data Science, Machine learning and Statistics},
	volume={1},
	number={1},
	pages={138--147},
	year={2019}
}

@article{lindley1958fiducial,
	title={Fiducial distributions and Bayes' theorem},
	author={Lindley, Dennis V},
	journal={Journal of the Royal Statistical Society. Series B (Methodological)},
	pages={102--107},
	year={1958},
	publisher={JSTOR}
}

@article{aliyu2016bayesian,
	title={Bayesian estimation of the shape parameter of generalized Rayleigh distribution under non-informative prior},
	author={Aliyu, Y and Yahaya, A},
		journal={International Journal of Advanced Statistical Probability},
	volume={4},
	number={1},
	pages={1--10},
	year={2016}
}

@article{dey2010bayesian,
	title={Bayesian estimation of the shape parameter of the generalised exponential distribution under different loss functions},
	author={Dey, Sanku},
	journal={Pakistan Journal of Statistics and Operation Research},
	volume={6},
	number={2},
	pages={163--174},
	year={2010}
}


@article{dey2010bayesian2,
	title={Bayesian estimation of the parameter of Maxwell distribution under different loss functions},
	author={Dey, Sanku and Maiti, Sudhansu S},
	journal={Journal of Statistical Theory and Practice},
	volume={4},
	number={2},
	pages={279--287},
	year={2010},
	publisher={Springer}
}


@article{salah2018bayesian,
	title={Bayesian Estimation of the Scale Parameter of the Marshall-Olkin Exponential Distribution under Progressively {Type-II} Censored Samples},
	author={Salah, Mukhtar M},
	journal={Journal of Statistical Theory and Applications},
	volume={17},
	number={1},
	pages={1--14},
	year={2018},
	publisher={Atlantis Press}
}

@article{gupta2017bayesian,
	title={Bayesian and {E-Bayesian} Method of Estimation of Parameter of Rayleigh Distribution-A Bayesian Approachunder Linex Loss Function},
	author={Gupta, Isha},
	journal={International Journal of Statistics and Systems},
	volume={12},
	number={4},
	pages={791--796},
	year={2017}
}

@article{yahgmaei2013bayesian,
	title={Bayesian estimation of the scale parameter of inverse Weibull distribution under the asymmetric loss functions},
	author={Yahgmaei, Farhad and Babanezhad, Manoochehr and Moghadam, Omid S},
	journal={Journal of Probability and Statistics},
	volume={13},
	number={2},
	pages={1--8},
	year={2013},
	publisher={Hindawi}
}



@article{guure2012bayesian,
	title={Bayesian estimation of two-parameter weibull distribution using extension of Jeffreys' prior information with three loss functions},
	author={Guure, Chris Bambey and Ibrahim, Noor Akma and Ahmed, Al Omari Mohammed},
	journal={Mathematical Problems in Engineering},
	volume={13},
	number={2},
	pages={1336--1348},
	year={2012},
	publisher={Hindawi}
}


@article{ieren2018comparison,
	title={A comparison between maximum likelihood and Bayesian estimation methods for a shape parameter of the Weibull-Exponential distribution},
	author={Ieren, Terna G and Oguntunde, Pelumi E},
	journal={Asian Journal of Probability and Statistics},
	volume={1},
	number={1},
	year={2018},
	pages={1--12}
}

@article{gholami2017bayesian,
	title={Bayesian estimation of parameters in the exponentiated Gumbel distribution},
	author={Gholami, Gholamhossein},
	journal={Journal of Statistical Research of Iran JSRI},
	volume={13},
	number={2},
	pages={181--195},
	year={2017},
	publisher={Journal of Statistical Research of Iran JSRI}
}

@article{naji2019bayesian,
	title={Bayesian Estimation for Two Parameters of Gamma Distribution under Generalized Weighted Loss Function},
	author={Naji, Loaiy F and Rasheed, Huda A},
	journal={Iraqi Journal of Science},
	volume={60},
	number={5},
	pages={1161--1171},
	year={2019}
}


@article{pickands1975statistical,
	title={Statistical inference using extreme order statistics},
	author={Pickands III, James and others},
	journal={the Annals of Statistics},
	volume={3},
	number={1},
	pages={119--131},
	year={1975},
	publisher={Institute of Mathematical Statistics}
}

@article{karagiannidis2001distribution,
	title={On the distribution of the weighted sum of L independent Rician and Nakagami envelopes in the presence of AWGN},
	author={Karagiannidis, George K and Kotsopoulos, Stavros A},
	journal={Journal of Communications and Networks},
	volume={3},
	number={2},
	pages={1--8},
	year={2001},
	publisher={Institute of Electrical and Electronics Engineering}
}

@article{tahir2016new,
	title={A new Weibull-G family of distributions},
	author={Tahir, MH and Zubair, Muhammad and Mansoor, M and Cordeiro, Gauss M and Alizadehk, Morad and Hamedani, GG},
	journal={Hacettepe Journal of Mathematics and Statistics},
	volume={45},
	number={2},
	pages={629--647},
	year={2016}
}

@article{rao2019exponentiated,
	title={Exponentiated Inverse Rayleigh Distribution and an Application to Coating Weights of Iron Sheets Data},
	journal={Journal of Probability and Statistics},
	author={Rao, Gadde Srinivasa and Mbwambo, Sauda},
	volume={2019},
	number={1},
	pages={1--13},
	year={2019},
	publisher={Hindawi}
}


@article{rosaiah2005acceptance,
	title={Acceptance sampling based on the inverse Rayleigh distribution},
	author={Rosaiah, K and Kantam, RRL},
	journal={Economic Quality Control},
	volume={20},
	number={2},
	pages={277--286},
	year={2005},
	publisher={Walter de Gruyter GmbH \& Co. KG}
}


@article{kundu2005generalized,
	title={Generalized Rayleigh distribution: different methods of estimations},
	author={Kundu, Debasis and Raqab, Mohammad Z},
	journal={Computational statistics \& data analysis},
	volume={49},
	number={1},
	pages={187--200},
	year={2005},
	publisher={Elsevier}
}


@article{merovci2013transmuted,
	title={Transmuted rayleigh distribution},
	author={Merovci, Faton},
	journal={Austrian Journal of Statistics},
	volume={42},
	number={1},
	pages={21--31},
	year={2013}
}


@article{roy2004discrete,
	title={Discrete rayleigh distribution},
	author={Roy, Dilip},
	journal={Institute of Electrical and Electronics Engineering Transactions on Reliability},
	volume={53},
	number={2},
	pages={255--260},
	year={2004},
	publisher={Institute of Electrical and Electronics Engineering}
}


@article{luguterah2016odd,
	title={Odd generalized exponential Rayleigh distribution},
	author={Luguterah, Albert},
	journal={Advances and Applications in Statistics},
	volume={48},
	number={1},
	pages={33},
	year={2016},
	publisher={Pushpa Publishing House}
}

@article{fatimastatistical,
	title={Statistical properties of Exponential Rayleigh distribution and Its Applications to Medical Science and Engineering},
	author={Fatima, Kawsar and Ahmad, SP},
	journal={Statistical properties of Exponential Rayleigh distribution and Its Applications to Medical Science and Engineering},
	year={2017},
	page={232--242},
	publisher={ER Publications}
}

@article{tierney1986accurate,
	title={Accurate approximations for posterior moments and marginal densities},
	author={Tierney, Luke and Kadane, Joseph B},
	journal={Journal of the american statistical association},
	volume={81},
	number={393},
	pages={82--86},
	year={1986},
	publisher={Taylor \& Francis}
}


@article{abbas2012comparison,
	title={Comparison of estimation methods for Frechet distribution with known shape},
	author={Abbas, Kamran and Yincai, Tang},
	journal={Caspian Journal of Applied Sciences Research},
	volume={1},
	number={10},
	pages={58--64},
	year={2012}
}

@article{feroze2012note,
	title={A note on Bayesian analysis of error function distribution under different loss functions},
	author={Feroze, Navid and Aslam, Muhammad},
	journal={International Journal of Probability and Statistics},
	volume={1},
	number={5},
	pages={153--159},
	year={2012}
}

@article{zaka2014bayesian,
	title={Bayesian approach in estimation of scale parameter of Nakagami distribution},
	author={Zaka, Azam and Akhter, Ahmad Saeed},
	journal={Pakistan Journal of Statistics and Operation Research},
	volume={10},
	number={2},
	pages={217--228},
	year={2014}
}

@article{gupta2017estimation,
	title={Estimation of parameter and reliability function of exponentiated inverted weibull distribution using classical and bayesian approach},
	author={Gupta, I},
	journal={International Journal of Recent Scientific Research},
	volume={8},
	number={7},
	pages={18117--18819},
	year={2017}
}

@article{gupta2017classical,
	title={Classical and Bayesian estimation of Weibull distribution in presence of outliers},
	author={Gupta, Puneet Kumar and Singh, Alok Kumar},
	journal={Cogent Mathematics},
	volume={4},
	number={1},
	pages={1300975},
	year={2017},
	publisher={Taylor \& Francis}
}

@article{krishna2017maximum,
	title={Maximum Likelihood and Bayes Estimation in Randomly Censored Geometric Distribution},
	author={Krishna, Hare and Goel, Neha},
	journal={Journal of Probability and Statistics},
	volume={2017},
	year={2017},
	publisher={Hindawi}
}

@article{Ray1980,
	author={Rayleigh, J},
	year={1980},
	title={On The Resultant of a Large Number of Vibration of The Pitch and of Arbitrary Phase},
	volume={10},
	pages={73--78},
	journal={Journal of Philosophy and Management}
}

@article{barnard1963,
	author = {Barnard, G. A.},
	title = {Discussion of professor Bartletts paper},
	journaltitle = {J. Roy. Stat. Soc.. B. Med.},
	year = {1963},
	volume={25},
	page={294}
}

@book{BAEBMFDA,
	author = {Bradley P. Carlin and Thomas A. Louis},
	title = {Bayes and empirical Bayes methods for data analysis},
	year = {2000},
	publisher = {A CRC press company, Boca Raston, London}
}

@article{Hyndman1996,
	author={Hyndman, R. J. and Fan, Y.},
	year={1996},
	title={Sample quantiles in statistical packages},
	volume={50},
	number={4},
	pages={361--365},
	journal={The American Statistics}
}

@book{Gradshteyn,
	author={I. S. Gradshteyn and I. M. Ryzhik},
	title={Table of integrals, series and products},
	publisher={Academic Press},
	year={1994},
	pages={899--901}
}

@article{Norstrom1996,
	author={Norstrom, J. G},
	year={1996},
	title={The use of precautionary loss functions in risk analysis},
	volume={45},
	number={3},
	pages={400--403},
	journal={Institute of Electrical and Electronics Engineering Transactions on reliability}
}


@article{jeffrey1946,
	author={Jeffrey, W. H.},
	year={1946},
	title={An invariant form for the prior probability in estimation problems},
	volume={196},
	pages={453--461},
	journal={Proceedings of the Royal Society of London}
}

@book{legendre1805,
	author={Legendre, A. M.},
	year={1805},
	title={Nouvelles methodes pour la determination des orbites des cometes translated as New method for the determination of the orbits of comets},
	publisher={Courcier, Paris, Appendix}
}

@book{gauss1810,
	author={Gauss, C. F.},
	year={1810},
	title={Theoria motus corporum coelestium perthes Hamburg translation reprinted as theory of the heavenly bodies moving about the sun in a conic section},
	publisher={Dovers New York}
}


@misc{trayer1964,
	author = {Trayer, V. N.},
	title = { {Doklady Acad, Nauk, Belarus, U.S.S.R.} },
	year={1964}
}

@article{muhammad2014,
	author={Muhammad, S. K.},
	title={Modified inverse Rayleigh distribution},
	journal={International Journal of Computer Applications},
	volume={87},
	number={13},
	pages={28--33},
	year={2014},
	page={28--33}
}


@article{Afaq2014,
	author={Afaq Ahmad and S. Ahmad and A. Ahmed},
	title={Transmuted Inverse Rayleigh Distribution: A Generalization of the Inverse Rayleigh Distribution},
	journal={Mathematical Theory and Modelling},
	volume={4},
	number={7},
	pages={90--98},
	year={2014}
}


@article{metroplis,
	author={Nicholas Metropolis and Arianna W. Rosenbluth and Marshall Rosenbluth and Augusta H. Teller and Edward Teller.},
	title={Equation of State Calculations by Fast Computiong Machines},
	journal={The Journal of Chemical Physics},
	volume={21},
	number={6},
	pages={1087--1092},
	year={1953}
}

@article{hastings,
	author={W.K. Hastings},
	title={Monte Carlo Sampling Methods using Markov Chain and Thier Applications},
	journal={Biometrika},
	volume={57},
	number={1},
	pages={97--109},
	year={1970}
}

@book{chen,
	author={Chen, Ming Hui and Shao, Qi Man and Ibrahim, Joseph G },
	title={Monte Carlo Methods in Bayesian Computation},
	publisher={Springer-Verlag, New York, Inc.},
	pages={97--109},
	year={2000}	
}
@article{Han2017,
	author = {Han, M.},
	title = {E-Bayesian estimation of failure probability and its application.},
	journal = { Mathematical and Computer Modelling},
	year = {2007},
	pages={1272--1279},
	volume={45},
	number={9}
}


@misc{wiki,
	author = {Wikipedia},
	title = {Bayesian Inference},
	year = {May, 2020},
	howpublished = "\url{https://en.m.wikipedia.org/wiki/Bayesian_inference}",
	journal = {https://en.m.wikipedia.org/wiki/Bayesian_inference},
	note="[online; accessed 30-May-2020]"
}

